@incollection{fromIoC,
 author = "Mattern, Friedemann and Floerkemeier, Christian",
 chapter = "From the Internet of Computers to the Internet of Things",
 title = "From Active Data Management to Event-based Systems and More",
 editor = "Sachs, Kai and Petrov, Ilia and Guerrero, Pablo",
 year = "2010",
 isbn = "3-642-17225-3, 978-3-642-17225-0",
 pages = "242--259",
 numpages = "18",
 acmid = "1985645",
 publisher = "Springer-Verlag",
 address = "Berlin, Heidelberg",
 keywords = "RFID, internet of things, smart objects, wireless sensor networks",
}

@article{viewOfCloud,
 author = {Armbrust, Michael and Fox, Armando and Griffith, Rean and Joseph, Anthony D. and Katz, Randy and Konwinski, Andy and Lee, Gunho and Patterson, David and Rabkin, Ariel and Stoica, Ion and Zaharia, Matei},
 title = {A View of Cloud Computing},
 journal = {Commun. ACM},
 issue_date = {April 2010},
 volume = {53},
 number = {4},
 month = apr,
 year = {2010},
 issn = {0001-0782},
 pages = {50--58},
 numpages = {9},
 url = {http://doi.acm.org/10.1145/1721654.1721672},
 doi = {10.1145/1721654.1721672},
 acmid = {1721672},
 publisher = {ACM},
 address = {New York, NY, USA},
}

@article{Mottola:2011,
 author = {Mottola, Luca and Picco, Gian Pietro},
 title = {Programming Wireless Sensor Networks: Fundamental Concepts and State of the Art},
 journal = {ACM Comput. Surv.},
 issue_date = {April 2011},
 volume = {43},
 number = {3},
 month = apr,
 year = {2011},
 issn = {0360-0300},
 pages = {19:1--19:51},
 articleno = {19},
 numpages = {51},
 url = {http://doi.acm.org/10.1145/1922649.1922656},
 doi = {10.1145/1922649.1922656},
 acmid = {1922656},
 publisher = {ACM},
 address = {New York, NY, USA},
 keywords = {Wireless sensor networks, middleware, networked embedded systems, programming abstractions},
}

@ARTICLE{6844949,
  author={Wei, J.},
  journal={Consumer Electronics Magazine, IEEE},
  title={How Wearables Intersect with the Cloud and the Internet of Things : Considerations for the developers of wearables.},
  year={2014},
  volume={3},
  number={3},
  pages={53-56},
  keywords={Internet of Things;cloud computing;market research;wearable computers;DevCon;Epson Moverio;Fitbit;Google Glass;Internet of Things;Pebble;cloud computing;transparency market research;wearables;Biomedical monitoring;Business;Cloud computing;Computer security;Internet of things;Wearable computers},
  doi={10.1109/MCE.2014.2317895},
  ISSN={2162-2248},
  month={July}
}

@TECHREPORT{evrything,
  author={EVRYTHING},
  title={Wearables and the Web of Things},
  year={2014},
  month={October},
  institution={EVRYTHING}
}

@article{Weiser:1999,
 author = {Weiser, Mark},
 title = {The Computer for the 21st Century},
 journal = {SIGMOBILE Mob. Comput. Commun. Rev.},
 issue_date = {July 1999},
 volume = {3},
 number = {3},
 month = jul,
 year = {1999},
 issn = {1559-1662},
 pages = {3--11},
 numpages = {9},
 url = {http://doi.acm.org/10.1145/329124.329126},
 doi = {10.1145/329124.329126},
 acmid = {329126},
 publisher = {ACM},
 address = {New York, NY, USA},
}

@techreport{interoperability:2015,
 author = {Mineraud, Julien and Tarkoma, Sasu},
 title = {Toward interoperability for the Internet of Things with meta-hubs},
 institution = {University of Helsinki},
 address = {Helsinki, Finland},
 month = {nov},
 year = {2015},
 numpages = {7},
 number = {arXiv:1511.08063v1},
 url = {http://arxiv.org/pdf/1511.08063v1.pdf},
}

@misc{DfBIS:2013,
  author = "{The Department for Business Innovation \& Skills}",
  title = {Smart Cities Background Paper},
  month = {Oct},
  year = {2013},
  howpublished ={\emph{London: Department for Business Innovation \& Skills Publications}},
  number = {BIS/13/1209},
  url = {https://www.gov.uk/government/uploads/system/uploads/attachment_data/file/246019/bis-13-1209-smart-cities-background-paper-digital.pdf}
}

@inproceedings{fog:2012,
 author = {Bonomi, Flavio and Milito, Rodolfo and Zhu, Jiang and Addepalli, Sateesh},
 title = {Fog Computing and Its Role in the Internet of Things},
 booktitle = {Proceedings of the First Edition of the MCC Workshop on Mobile Cloud Computing},
 series = {MCC '12},
 year = {2012},
 isbn = {978-1-4503-1519-7},
 location = {Helsinki, Finland},
 pages = {13--16},
 numpages = {4},
 url = {http://doi.acm.org/10.1145/2342509.2342513},
 doi = {10.1145/2342509.2342513},
 acmid = {2342513},
 publisher = {ACM},
 address = {New York, NY, USA},
 keywords = {analytics, cloud computing, fog computing, iot, real time systems, software defined networks, wsan},
}

@misc{DoECC:2013,
  author = "{The Department of Energy \& Climate Change}",
  title = {Smart meters: a guide},
  month = {Oct},
  year = {2013},
  howpublished = {\emph{London: Department of Energy \& Climate Change}},
  url = {https://www.gov.uk/guidance/smart-meters-how-they-work},
  note = {[Accessed 29 November 2015]}
}

@misc{ECFreight:2007,
  author = "{The European Commission}",
  title = {Freight Transport Logistics Action Plan},
  month = {Oct},
  year = {2007},
  howpublished = {\emph{Luxembourg: Publications Office of the European Union, COM/2007/0607}},
  url = {http://www.ipex.eu/IPEXL-WEB/dossier/dossier.do?code=COM&year=2007&number=0607}
}

@book{gershenfeld:2000,
  title={When Things Start to Think},
  author={Gershenfeld, N.A.},
  isbn={9780805058802},
  lccn={98030310},
  series={An Owl book},
  url={https://books.google.co.uk/books?id=EU0Fh97hmksC},
  year={2000},
  publisher={Henry Holt and Company}
}

@ARTICLE{contemporaryIOT:2015,
   author = {{Mineraud}, J. and {Mazhelis}, O. and {Su}, X. and {Tarkoma}, S.
  },
    title = "{Contemporary Internet of Things platforms}",
  journal = {ArXiv e-prints},
archivePrefix = "arXiv",
   eprint = {1501.07438},
 primaryClass = "cs.OH",
 keywords = {Computer Science - Other Computer Science},
     year = 2015,
    month = jan,
   adsurl = {http://adsabs.harvard.edu/abs/2015arXiv150107438M},
  adsnote = {Provided by the SAO/NASA Astrophysics Data System}
}

@misc{C362/14,
  key = "{Case C-362/14}",
  title = "{Maximillian Schrems v Data Protection Commissioner}",
  month = {Oct},
  year = {2015},
  howpublished = {OJ C351},
  url = {http://curia.europa.eu/juris/document/document.jsf?text=&docid=172254&pageIndex=0&doclang=EN&mode=req&dir=&occ=first&part=1&cid=199525}
}

@misc{license:2015,
  author = "{Github, Inc.}",
  title = {Choose A License},
  month = {Oct},
  year = {2015},
  howpublished = {San Francisco, CA: Github},
  url = {http://choosealicense.com/},
  note = {[Accessed 14 October 2015]}
}

@misc{rfc2616,
  author="R. Fielding and J. Gettys and J. Mogul and H. Frystyk and L. Masinter and P. Leach and T. Berners-Lee",
  title="{Hypertext Transfer Protocol -- HTTP/1.1}",
  series="Request for Comments",
  number="2616",
  howpublished="RFC 2616 (Draft Standard)",
  publisher="IETF",
  organization="Internet Engineering Task Force",
  year=1999,
  month=jun,
    note="Obsoleted by RFCs 7230, 7231, 7232, 7233, 7234, 7235, updated by RFCs 2817, 5785, 6266, 6585",
  url="http://www.ietf.org/rfc/rfc2616.txt",
}

@misc{rest:2000,
  author = {Fielding, Roy Thomas},
  title = {Architectural Styles and the Design of Network-based Software Architectures},
  year = {2000},
  howpublished = {Irvine, CA: University of California},
  url = {https://www.ics.uci.edu/~fielding/pubs/dissertation/rest_arch_style.htm}
}

@misc{rfc2324,
  author="L. Masinter",
  title="{Hyper Text Coffee Pot Control Protocol (HTCPCP/1.0)}",
  series="Request for Comments",
  number="2324",
  howpublished="RFC 2324 (Informational)",
  publisher="IETF",
  organization="Internet Engineering Task Force",
  year=1998,
  month=apr,
  day="1",  
  note="Updated by RFC 7168",
  url="http://www.ietf.org/rfc/rfc2324.txt",
}

@misc{rfc6455,
  author="I. Fette and A. Melnikov",
  title="{The WebSocket Protocol}",
  series="Request for Comments",
  number="6455",
  howpublished="RFC 6455 (Proposed Standard)",
  publisher="IETF",
  organization="Internet Engineering Task Force",
  year=2011,
  month=dec,
  url="http://www.ietf.org/rfc/rfc6455.txt",
}

@misc{rfc7252,
  author="Z. Shelby and K. Hartke and C. Bormann",
  title="{The Constrained Application Protocol (CoAP)}",
  series="Request for Comments",
  number="7252",
  howpublished="RFC 7252 (Proposed Standard)",
  publisher="IETF",
  organization="Internet Engineering Task Force",
  year=2014,
  month=jun,
  url="http://www.ietf.org/rfc/rfc7252.txt",
}

@misc{mqtt:2015,
  author = {Banks, Andrew and Gupta, Rahul},
  title = {MQTT Version 3.1.1},
  month = {Oct},
  year = {2014},
  howpublished = {OASIS Standard},
  url = {http://docs.oasis-open.org/mqtt/mqtt/v3.1.1/os/mqtt-v3.1.1-os.pdf}
}

@misc{rfc768,
  author="J. Postel",
  title="{User Datagram Protocol}",
  series="Request for Comments",
  number="768",
  howpublished="RFC 768 (INTERNET STANDARD)",
  publisher="IETF",
  organization="Internet Engineering Task Force",
  year=1980,
  month=aug,
  url="http://www.ietf.org/rfc/rfc768.txt",
}

@misc{rfc2663,
  author="P. Srisuresh and M. Holdrege",
  title="{IP Network Address Translator (NAT) Terminology and Considerations}",
  series="Request for Comments",
  number="2663",
  howpublished="RFC 2663 (Informational)",
  publisher="IETF",
  organization="Internet Engineering Task Force",
  year=1999,
  month=aug,
  url="http://www.ietf.org/rfc/rfc2663.txt",
}

@misc{ipv6:2008,
  author = "{The European Commission}",
  title = {Action Plan for the deployment of Internet Protocol version 6 (IPv6) in Europe},
  month = {May},
  year = {2008},
  howpublished = {\emph{Luxembourg: Publications Office of the European Union, COM/2008/0313}},
  url = {http://www.ipex.eu/IPEXL-WEB/dossier/document/COM20080313FIN.do}
}